<?xml version="1.0" encoding="UTF-8"?><collection xmlns="http://www.loc.gov/MARC21/slim"><record><leader>00452nam--2200157-i-4500</leader><controlfield tag="001">000043791</controlfield><controlfield tag="002">20161230</controlfield><controlfield tag="005">20161230201044</controlfield><controlfield tag="008">060222s1000------------r-----000-0-eng-d</controlfield><datafield ind1=" " ind2=" " tag="080"><subfield code="a">541.13</subfield></datafield><datafield ind1=" " ind2=" " tag="100"><subfield code="a">Taube,Henry</subfield></datafield><datafield ind1=" " ind2=" " tag="245"><subfield code="a">Electron transfer reaction of complex ions in solutions</subfield></datafield><datafield ind1=" " ind2=" " tag="260"><subfield code="a">New York, Academic Press, 1970. Viii + 103 P</subfield></datafield><datafield ind1=" " ind2=" " tag="490"><subfield code="a">Current Chemical Concepts. A Series Of Monographs</subfield></datafield><datafield ind1=" " ind2=" " tag="700"><subfield code="a">Ernestm.Loebel</subfield></datafield><datafield ind1=" " ind2=" " tag="852"><subfield code="a">34264</subfield></datafield></record></collection>